@inproceedings{whitehill2009whose,
  title={Whose vote should count more: Optimal integration of labels from labelers of unknown expertise},
  author={Whitehill, Jacob and Wu, Ting-fan and Bergsma, Jacob and Movellan, Javier R and Ruvolo, Paul L},
  booktitle={Advances in neural information processing systems},
  pages={2035--2043},
  year={2009}
}
@article{karger2014budget,
  title={Budget-optimal task allocation for reliable crowdsourcing systems},
  author={Karger, David R and Oh, Sewoong and Shah, Devavrat},
  journal={Operations Research},
  volume={62},
  number={1},
  pages={1--24},
  year={2014},
  publisher={INFORMS}
}
@inproceedings{dalvi2013aggregating,
  title={Aggregating crowdsourced binary ratings},
  author={Dalvi, Nilesh and Dasgupta, Anirban and Kumar, Ravi and Rastogi, Vibhor},
  booktitle={Proceedings of the 22nd international conference on World Wide Web},
  pages={285--294},
  year={2013},
  organization={ACM}
}
@inproceedings{ghosh2011moderates,
  title={Who moderates the moderators?: crowdsourcing abuse detection in user-generated content},
  author={Ghosh, Arpita and Kale, Satyen and McAfee, Preston},
  booktitle={Proceedings of the 12th ACM conference on Electronic commerce},
  pages={167--176},
  year={2011},
  organization={ACM}
}
@article{albarqouni2016aggnet,
  title={Aggnet: deep learning from crowds for mitosis detection in breast cancer histology images},
  author={Albarqouni, Shadi and Baur, Christoph and Achilles, Felix and Belagiannis, Vasileios and Demirci, Stefanie and Navab, Nassir},
  journal={IEEE transactions on medical imaging},
  volume={35},
  number={5},
  pages={1313--1321},
  year={2016},
  publisher={IEEE}
}
@inproceedings{rodrigues2018deep,
  title={Deep learning from crowds},
  author={Rodrigues, Filipe and Pereira, Francisco C},
  booktitle={Thirty-Second AAAI Conference on Artificial Intelligence},
  year={2018}
}
@inproceedings{guan2018said,
  title={Who said what: Modeling individual labelers improves classification},
  author={Guan, Melody Y and Gulshan, Varun and Dai, Andrew M and Hinton, Geoffrey E},
  booktitle={Thirty-Second AAAI Conference on Artificial Intelligence},
  year={2018}
}
@article{khetan2017learning,
  title={Learning From Noisy Singly-labeled Data},
  author={Khetan, Ashish and Lipton, Zachary C and Anandkumar, Anima},
  journal={arXiv preprint arXiv:1712.04577},
  year={2017}
}
@article{karger2014budget,
  title={Budget-optimal task allocation for reliable crowdsourcing systems},
  author={Karger, David R and Oh, Sewoong and Shah, Devavrat},
  journal={Operations Research},
  volume={62},
  number={1},
  pages={1--24},
  year={2014},
  publisher={INFORMS}
}
@inproceedings{khetan2016achieving,
  title={Achieving budget-optimality with adaptive schemes in crowdsourcing},
  author={Khetan, Ashish and Oh, Sewoong},
  booktitle={Advances in Neural Information Processing Systems},
  pages={4844--4852},
  year={2016}
}

@article{shah2016permutation,
  title={A permutation-based model for crowd labeling: Optimal estimation and robustness},
  author={Shah, Nihar B and Balakrishnan, Sivaraman and Wainwright, Martin J},
  journal={arXiv preprint arXiv:1606.09632},
  year={2016}
}


@article{khetan2017learning,
  title={Learning From Noisy Singly-labeled Data},
  author={Khetan, Ashish and Lipton, Zachary C and Anandkumar, Anima},
  journal={arXiv preprint arXiv:1712.04577},
  year={2017}
}

@article{russell2008labelme,
  title={LabelMe: a database and web-based tool for image annotation},
  author={Russell, Bryan C and Torralba, Antonio and Murphy, Kevin P and Freeman, William T},
  journal={International journal of computer vision},
  volume={77},
  number={1-3},
  pages={157--173},
  year={2008},
  publisher={Springer}
}

@article{krizhevsky2014cifar,
  title={The CIFAR-10 dataset},
  author={Krizhevsky, Alex and Nair, Vinod and Hinton, Geoffrey},
  journal={online: http://www. cs. toronto. edu/kriz/cifar. html},
  year={2014}
}

@article{setio2016pulmonary,
  title={Pulmonary nodule detection in CT images: false positive reduction using multi-view convolutional networks},
  author={Setio, Arnaud Arindra Adiyoso and Ciompi, Francesco and Litjens, Geert and Gerke, Paul and Jacobs, Colin and Van Riel, Sarah J and Wille, Mathilde Marie Winkler and Naqibullah, Matiullah and S{\'a}nchez, Clara I and van Ginneken, Bram},
  journal={IEEE transactions on medical imaging},
  volume={35},
  number={5},
  pages={1160--1169},
  year={2016},
  publisher={IEEE}
}

@inproceedings{dalvi2013aggregating,
  title={Aggregating crowdsourced binary ratings},
  author={Dalvi, Nilesh and Dasgupta, Anirban and Kumar, Ravi and Rastogi, Vibhor},
  booktitle={Proceedings of the 22nd international conference on World Wide Web},
  pages={285--294},
  year={2013},
  organization={ACM}
}

@inproceedings{nowozin2016f,
  title={f-gan: Training generative neural samplers using variational divergence minimization},
  author={Nowozin, Sebastian and Cseke, Botond and Tomioka, Ryota},
  booktitle={Advances in Neural Information Processing Systems},
  pages={271--279},
  year={2016}
}

@article{nguyen2009surrogate,
  title={On surrogate loss functions and f-divergences},
  author={Nguyen, XuanLong and Wainwright, Martin J and Jordan, Michael I},
  journal={The Annals of Statistics},
  pages={876--904},
  year={2009},
  publisher={JSTOR}
}

@article{nguyen2010estimating,
  title={Estimating divergence functionals and the likelihood ratio by convex risk minimization},
  author={Nguyen, XuanLong and Wainwright, Martin J and Jordan, Michael I},
  journal={IEEE Transactions on Information Theory},
  volume={56},
  number={11},
  pages={5847--5861},
  year={2010},
  publisher={IEEE}
}


@article{csiszar2004information,
  title={Information theory and statistics: A tutorial},
  author={Csisz{\'a}r, Imre and Shields, Paul C and others},
  journal={Foundations and Trends{\textregistered} in Communications and Information Theory},
  volume={1},
  number={4},
  pages={417--528},
  year={2004},
  publisher={Now Publishers, Inc.}
}

@article{ali1966general,
  title={A general class of coefficients of divergence of one distribution from another},
  author={Ali, Syed Mumtaz and Silvey, Samuel D},
  journal={Journal of the Royal Statistical Society. Series B (Methodological)},
  pages={131--142},
  year={1966},
  publisher={JSTOR}
}


@ARTICLE{2016arXiv160501021K,
   author = {{Kong}, Y. and {Schoenebeck}, G.},
    title = "{An Information Theoretic Framework For Designing Information Elicitation Mechanisms That Reward Truth-telling}",
  journal = {ArXiv e-prints},
archivePrefix = "arXiv",
   eprint = {1605.01021},
 primaryClass = "cs.GT",
 keywords = {Computer Science - Computer Science and Game Theory},
     year = 2016,
    month = may,
   adsurl = {http://adsabs.harvard.edu/abs/2016arXiv160501021K},
  adsnote = {Provided by the SAO/NASA Astrophysics Data System}
}


@inproceedings{liu2012variational,
  title={Variational inference for crowdsourcing},
  author={Liu, Qiang and Peng, Jian and Ihler, Alexander T},
  booktitle={Advances in neural information processing systems},
  pages={692--700},
  year={2012}
}

@inproceedings{whitehill2009whose,
  title={Whose vote should count more: Optimal integration of labels from labelers of unknown expertise},
  author={Whitehill, Jacob and Wu, Ting-fan and Bergsma, Jacob and Movellan, Javier R and Ruvolo, Paul L},
  booktitle={Advances in neural information processing systems},
  pages={2035--2043},
  year={2009}
}

@article{dawid1979maximum,
  title={Maximum likelihood estimation of observer error-rates using the EM algorithm},
  author={Dawid, Alexander Philip and Skene, Allan M},
  journal={Applied statistics},
  pages={20--28},
  year={1979},
  publisher={JSTOR}
}

@article{karger2013efficient,
  title={Efficient crowdsourcing for multi-class labeling},
  author={Karger, David R and Oh, Sewoong and Shah, Devavrat},
  journal={ACM SIGMETRICS Performance Evaluation Review},
  volume={41},
  number={1},
  pages={81--92},
  year={2013},
  publisher={ACM}
}

@inproceedings{zhou2012learning,
  title={Learning from the wisdom of crowds by minimax entropy},
  author={Zhou, Denny and Basu, Sumit and Mao, Yi and Platt, John C},
  booktitle={Advances in neural information processing systems},
  pages={2195--2203},
  year={2012}
}

@article{karger2014budget,
  title={Budget-optimal task allocation for reliable crowdsourcing systems},
  author={Karger, David R and Oh, Sewoong and Shah, Devavrat},
  journal={Operations Research},
  volume={62},
  number={1},
  pages={1--24},
  year={2014},
  publisher={INFORMS}
}






@inproceedings{zhang2014spectral,
  title={Spectral methods meet EM: A provably optimal algorithm for crowdsourcing},
  author={Zhang, Yuchen and Chen, Xi and Zhou, Denny and Jordan, Michael I},
  booktitle={Advances in neural information processing systems},
  pages={1260--1268},
  year={2014}
}


@inproceedings{welinder2010multidimensional,
  title={The multidimensional wisdom of crowds},
  author={Welinder, Peter and Branson, Steve and Perona, Pietro and Belongie, Serge J},
  booktitle={Advances in neural information processing systems},
  pages={2424--2432},
  year={2010}
}


@inproceedings{ratner2016data,
  title={Data programming: Creating large training sets, quickly},
  author={Ratner, Alexander J and De Sa, Christopher M and Wu, Sen and Selsam, Daniel and R{\'e}, Christopher},
  booktitle={Advances in Neural Information Processing Systems},
  pages={3567--3575},
  year={2016}
}

@article{cardoso1997infomax,
  title={Infomax and maximum likelihood for blind source separation},
  author={Cardoso, J-F},
  journal={IEEE Signal processing letters},
  volume={4},
  number={4},
  pages={112--114},
  year={1997},
  publisher={IEEE}
}



@article{peng2005feature,
  title={Feature selection based on mutual information criteria of max-dependency, max-relevance, and min-redundancy},
  author={Peng, Hanchuan and Long, Fuhui and Ding, Chris},
  journal={IEEE Trans.\ on pattern anal.\ and machine intel.},
  volume={27},
  number={8},
  pages={1226--1238},
  year={2005},
  publisher={IEEE}
}


@article{bell1995information,
  title={An information-maximization approach to blind separation and blind deconvolution},
  author={Bell, Anthony J and Sejnowski, Terrence J},
  journal={Neural computation},
  volume={7},
  number={6},
  pages={1129--1159},
  year={1995},
  publisher={MIT Press}
}

@inproceedings{kong2018water,
  title={Water from Two Rocks: Maximizing the Mutual Information},
  author={Kong, Yuqing and Schoenebeck, Grant},
  booktitle={Proceedings of the 2018 ACM Conference on Economics and Computation},
  pages={177--194},
  year={2018},
  organization={ACM}
}
@article{raykar2010learning,
  title={Learning from crowds},
  author={Raykar, Vikas C and Yu, Shipeng and Zhao, Linda H and Valadez, Gerardo Hermosillo and Florin, Charles and Bogoni, Luca and Moy, Linda},
  journal={Journal of Machine Learning Research},
  volume={11},
  number={Apr},
  pages={1297--1322},
  year={2010}
}
@article{Yu2011bayesian,
  title={Bayesian Co-Training},
  author={Shipeng Yu, Balaji Krishnapuram, Ro ́mer Rosales, R. Bharat Rao},
  journal={Journal of Machine Learning Research},
  volume={12},
  number={Nov},
  pages={2649-2680},
  year={2011}
}
@article{rodrigues2017deep,
  title={Deep learning from crowds},
  author={Rodrigues, Filipe and Pereira, Francisco},
  journal={arXiv preprint arXiv:1709.01779},
  year={2017}
}
@article{guan2017said,
  title={Who said what: Modeling individual labelers improves classification},
  author={Guan, Melody Y and Gulshan, Varun and Dai, Andrew M and Hinton, Geoffrey E},
  journal={arXiv preprint arXiv:1703.08774},
  year={2017}
}
@article{albarqouni2016aggnet,
  title={Aggnet: deep learning from crowds for mitosis detection in breast cancer histology images},
  author={Albarqouni, Shadi and Baur, Christoph and Achilles, Felix and Belagiannis, Vasileios and Demirci, Stefanie and Navab, Nassir},
  journal={IEEE transactions on medical imaging},
  volume={35},
  number={5},
  pages={1313--1321},
  year={2016},
  publisher={IEEE}
}
@inproceedings{blum1998combining,
  title={Combining labeled and unlabeled data with co-training},
  author={Blum, Avrim and Mitchell, Tom},
  booktitle={Proceedings of the eleventh annual conference on Computational learning theory},
  pages={92--100},
  year={1998},
  organization={ACM}
}
@article{reed2014training,
  title={Training deep neural networks on noisy labels with bootstrapping},
  author={Reed, Scott and Lee, Honglak and Anguelov, Dragomir and Szegedy, Christian and Erhan, Dumitru and Rabinovich, Andrew},
  journal={arXiv preprint arXiv:1412.6596},
  year={2014}
}

@article{miller2005eliciting,
  title={Eliciting informative feedback: The peer-prediction method},
  author={Miller, Nolan and Resnick, Paul and Zeckhauser, Richard},
  journal={Management Science},
  volume={51},
  number={9},
  pages={1359--1373},
  year={2005},
  publisher={INFORMS}
}

@article{prelec2004bayesian,
  title={A Bayesian truth serum for subjective data},
  author={Prelec, Dra{\v{z}}en},
  journal={science},
  volume={306},
  number={5695},
  pages={462--466},
  year={2004},
  publisher={American Association for the Advancement of Science}
}

@inproceedings{rodrigues2014gaussian,
  title={Gaussian process classification and active learning with multiple annotators},
  author={Rodrigues, Filipe and Pereira, Francisco and Ribeiro, Bernardete},
  booktitle={International Conference on Machine Learning},
  pages={433--441},
  year={2014}
}

@article{kaggle2013,
  title={Dogs vs. cats competition},
  author={Kaggle},
  journal={https://www.kaggle.com/c/dogs-vs-cats},
  year={2013}
}
